@inproceedings{gupta2017cooperative,
    title = {Cooperative multi-agent control using deep reinforcement learning},
    author = {Gupta, Jayesh K and Egorov, Maxim and Kochenderfer, Mykel},
    booktitle = {International Conference on Autonomous Agents and Multiagent Systems},
    pages = {66--83},
    year = {2017},
    organization = {Springer}
}
